@book{griffin2012assessment,
  title={Assessment and teaching of 21st century skills},
  author={Griffin, Patrick and McGaw, Barry and Care, Esther},
  year={2012},
  publisher={Springer}
}

@article{takeuchi1986new,
  title={The new new product development game},
  author={Takeuchi, Hirotaka and Nonaka, Ikujiro},
  journal={Harvard business review},
  volume={64},
  number={1},
  pages={137--146},
  year={1986}
}

@article{schwaber2002gile,
  title={Agil{\`e} Software Development with Scrum},
  author={Schwaber, K and Beedle, Mike},
  year={2002}
}

@inproceedings{anslow2015experience,
  title={An Experience Report at Teaching a Group Based Agile Software Development Project Course},
  author={Anslow, Craig and Maurer, Frank},
  booktitle={Proceedings of the 46th ACM Technical Symposium on Computer Science Education},
  pages={500--505},
  year={2015},
  organization={ACM}
}

@article{松浦佐江子2003,
  title={グループワークによるソフトウェア工学教育の試み},
  author={松浦佐江子 and 相場亮},
  journal={情報処理学会研究報告. コンピュータと教育研究会報告},
  volume={2003},
  number={13},
  pages={1--8},
  year={2003},
  publisher={一般社団法人情報処理学会}
}

@article{玉田春昭,
  title={プログラミング実習におけるグループ開発プロセスの分析},
  author={玉田春昭 and 井垣宏 and 引地一将 and 門田暁人 and 松本健一}
}

@article{kidane2007correlating,
  title={Correlating temporal communication patterns of the Eclipse open source community with performance and creativity},
  author={Kidane, Yared H and Gloor, Peter A},
  journal={Computational and mathematical organization theory},
  volume={13},
  number={1},
  pages={17--27},
  year={2007},
  publisher={Springer}
}

@inproceedings{knutas2013communication,
  title={Communication patterns in collaborative software engineering courses: a case for computer-supported collaboration},
  author={Knutas, Antti and Ikonen, Jouni and Porras, Jari},
  booktitle={Proceedings of the 13th Koli Calling International Conference on Computing Education Research},
  pages={169--177},
  year={2013},
  organization={ACM}
}

@article{平井佑樹2012,
  title={協調プログラミング学習支援のための分散および対面協調学習の分析},
  author={平井佑樹},
  year={2012}
}

@book{beck2000extreme,
  title={Extreme programming explained: embrace change},
  author={Beck, Kent},
  year={2000},
  publisher={Addison-Wesley Professional}
}

@article{cockburn2000costs,
  title={The costs and benefits of pair programming},
  author={Cockburn, Alistair and Williams, Laurie},
  journal={Extreme programming examined},
  pages={223--247},
  year={2000},
  publisher={Addison--Wesley Publishing Co., Reading, MA, USA}
}

@inproceedings{goldman2011real,
  title={Real-time collaborative coding in a web IDE},
  author={Goldman, Max and Little, Greg and Miller, Robert C},
  booktitle={Proceedings of the 24th annual ACM symposium on User interface software and technology},
  pages={155--164},
  year={2011},
  organization={ACM}
}

@inproceedings{vandeventer2012codewave,
  title={CodeWave: a real-time, collaborative IDE for enhanced learning in computer science},
  author={Vandeventer, Jason and Barbour, Benjamin},
  booktitle={Proceedings of the 43rd ACM technical symposium on Computer Science Education},
  pages={75--80},
  year={2012},
  organization={ACM}
}

@inproceedings{salinger2010saros,
  title={Saros: an eclipse plug-in for distributed party programming},
  author={Salinger, Stephan and Oezbek, Christopher and Beecher, Karl and Schenk, Julia},
  booktitle={Proceedings of the 2010 ICSE Workshop on Cooperative and Human Aspects of Software Engineering},
  pages={48--55},
  year={2010},
  organization={ACM}
}

@article{brodahl2011collaborative,
  title={Collaborative writing with Web 2.0 technologies: education students' perceptions},
  author={Brodahl, Cornelia and Hadjerrouit, Said and Hansen, Nils Kristian},
  year={2011}
}

@article{zhou2012google,
  title={Google Docs in an Out-of-Class Collaborative Writing Activity.},
  author={Zhou, Wenyi and Simpson, Elizabeth and Domizi, Denise Pinette},
  journal={International Journal of Teaching and Learning in Higher Education},
  volume={24},
  number={3},
  pages={359--375},
  year={2012},
  publisher={ERIC}
}

@inproceedings{andre2014effects,
  title={Effects of simultaneous and sequential work structures on distributed collaborative interdependent tasks},
  author={Andr{\'e}, Paul and Kraut, Robert E and Kittur, Aniket},
  booktitle={Proceedings of the SIGCHI Conference on Human Factors in Computing Systems},
  pages={139--148},
  year={2014},
  organization={ACM}
}

@article{加藤優哉2014,
  title={独立同期モデルによる初学者向け協調プログラミング支援システムの開発},
  author={加藤優哉 and 松澤芳昭 and 酒井三四郎 and others},
  journal={情報教育シンポジウム 2014 論文集},
  volume={2014},
  number={2},
  pages={27--34},
  year={2014}
}